@inproceedings{bollini2013interpreting,
  title={Interpreting and executing recipes with a cooking robot},
  author={Bollini, Mario and Tellex, Stefanie and Thompson, Tyler and Roy, Nicholas and Rus, Daniela},
  booktitle={Experimental Robotics},
  pages={481--495},
  year={2013},
  organization={Springer}
}

@article{yan2007novel,
	title={A novel automatic cooking robot for Chinese dishes},
	author={Yan, WX and Fu, Zhuang and Liu, YH and Zhao, YZ and Zhou, XY and Tang, JH and Liu, XY},
	journal={Robotica},
	volume={25},
	number={04},
	pages={445--450},
	year={2007},
	publisher={Cambridge Univ Press}
}

@INPROCEEDINGS{1641754, 
	author={Gravot, F. and Haneda, A. and Okada, K. and Inaba, M.}, 
	booktitle={Robotics and Automation, 2006. ICRA 2006. Proceedings 2006 IEEE International Conference on}, 
	title={Cooking for humanoid robot, a task that needs symbolic and geometric reasonings}, 
	year={2006}, 
	month={May}, 
	pages={462-467}, 
	keywords={humanoid robots;planning (artificial intelligence);service robots;geometric reasonings;housekeeping robot;humanoid robot;motion planning;robot reasoning capacity;symbolic reasonings;Capacity planning;Cleaning;Face;Humanoid robots;Humans;Motion planning;Positron emission tomography;Robot kinematics;Robot sensing systems;Robotics and automation}, 
	doi={10.1109/ROBOT.2006.1641754}, 
	ISSN={1050-4729},}

@inproceedings{sugiura2010cooking,
	title={Cooking with robots: designing a household system working in open environments},
	author={Sugiura, Yuta and Sakamoto, Daisuke and Withana, Anusha and Inami, Masahiko and Igarashi, Takeo},
	booktitle={Proceedings of the SIGCHI Conference on Human Factors in Computing Systems},
	pages={2427--2430},
	year={2010},
	organization={ACM}
}

@INPROCEEDINGS{1374787, 
	author={Fukuda, T. and Nakauchi, Y. and Noguchi, K. and Matsubara, T.}, 
	booktitle={Robot and Human Interactive Communication, 2004. ROMAN 2004. 13th IEEE International Workshop on}, 
	title={Human behavior recognition for cooking support robot}, 
	year={2004}, 
	month={Sept}, 
	pages={359-364}, 
	keywords={behavioural sciences;gesture recognition;mobile robots;service robots;speech recognition;cooking support robot;electric household appliances;human activity recognition system;human behavior recognition;information technology;Computer networks;Home appliances;Humans;Information technology;Intelligent robots;Intelligent sensors;Mobile robots;Robot sensing systems;Robot vision systems;Sensor systems}, 
	doi={10.1109/ROMAN.2004.1374787},}

@inproceedings{hirsch2000aurora,
	title={The Aurora experimental framework for the performance evaluation of speech recognition systems under noisy conditions},
	author={Hirsch, Hans-G{\"u}nter and Pearce, David},
	booktitle={ASR2000-Automatic Speech Recognition: Challenges for the new Millenium ISCA Tutorial and Research Workshop (ITRW)},
	year={2000}
}

@inproceedings{toptsis2004multi,
	title={A multi-modal dialog system for a mobile robot},
	author={Toptsis, Ioannis and Li, Shuyin and Wrede, Britta and Fink, Gernot A},
	booktitle={International Conference on Spoken Language Processing},
	volume={1},
	year={2004}
}

@inproceedings{li2006dialog,
	title={A dialog system for comparative user studies on robot verbal behavior},
	author={Li, Shuyin and Wrede, Britta and Sagerer, Gerhard},
	booktitle={Robot and Human Interactive Communication, 2006. ROMAN 2006. The 15th IEEE International Symposium on},
	pages={129--134},
	year={2006},
	organization={IEEE}
}